<?xml version="1.0" encoding="UTF-8"?>
<collection xmlns:xsi="http://www.w3.org/2001/XMLSchema-instance" xsi:schemaLocation="http://www.loc.gov/MARC21/slim http://www.loc.gov/standards/marcxml/schema/MARC21slim.xsd" xmlns="http://www.loc.gov/MARC21/slim">
<record>
  <leader>00812cam a22002171  4500</leader>
  <controlfield tag="001">2682262</controlfield>
  <controlfield tag="003">NNC</controlfield>
  <controlfield tag="005">20130425144230.0</controlfield>
  <controlfield tag="008">000925s1954    ua            000 0 ara d</controlfield>
  <datafield tag="035" ind1=" " ind2=" ">
    <subfield code="a">(OCoLC)ocm45068310</subfield>
  </datafield>
  <datafield tag="035" ind1=" " ind2=" ">
    <subfield code="9">ARD1695CU</subfield>
  </datafield>
  <datafield tag="035" ind1=" " ind2=" ">
    <subfield code="a">(NNC)2682262</subfield>
  </datafield>
  <datafield tag="040" ind1=" " ind2=" ">
    <subfield code="a">ZCU</subfield>
    <subfield code="c">ZCU</subfield>
  </datafield>
  <datafield tag="099" ind1=" " ind2=" ">
    <subfield code="a">956</subfield>
    <subfield code="a">Q22</subfield>
  </datafield>
  <datafield tag="100" ind1="1" ind2=" ">
    <subfield code="a">Qāḍī, Munīr,</subfield>
    <subfield code="d">1891 or 1892-1969 or 1970.</subfield>
  </datafield>
  <datafield tag="245" ind1="1" ind2="0">
    <subfield code="a">Muḥāḍarāt fī al-qānūn al-madanī al-ʻIrāqī: Maṣādir al-iltizām ghayr al-ʻaqdīyah wa-al-awṣāf al-muʻaddilah li-āthār al-iltizām.</subfield>
  </datafield>
  <datafield tag="246" ind1="0" ind2=" ">
    <subfield code="i">At head of title:</subfield>
    <subfield code="a">Jāmiʻat al-Duwal al-ʻArabīyah Maʻhad al-Dirāsāt al-ʻArabīyah al-ʻĀliya</subfield>
  </datafield>
  <datafield tag="260" ind1=" " ind2=" ">
    <subfield code="a">[al-Qāhirah,</subfield>
    <subfield code="b">Dār Miṣr li-al-Ṭibāʻah]</subfield>
    <subfield code="c">1954.</subfield>
  </datafield>
  <datafield tag="300" ind1=" " ind2=" ">
    <subfield code="a">69 p.</subfield>
  </datafield>
  <datafield tag="650" ind1=" " ind2="0">
    <subfield code="a">Civil law</subfield>
    <subfield code="z">Iraq.</subfield>
  </datafield>
  <datafield tag="955" ind1=" " ind2=" ">
    <subfield code="b">0026813092</subfield>
    <subfield code="d">glx</subfield>
    <subfield code="e">956 Q22</subfield>
  </datafield>
</record>
</collection>